@book{Anderson_2016,
    place={New York, New York},
    edition={6th},
    title={Fundamentals of Aerodynamics},
    publisher={McGraw-Hill Education},
    author={Anderson, John David},
    year={2016}
} 

@manual{lecture11,
    author = {Hui Hu},
    title = {Particle Image Velocimetry},
    year = {2024},
    organization = {Iowa State University},
    url = {https://www.aere.iastate.edu/~huhui/teaching/2024-01S/AerE344/class-notes/AerE344-Lecture-11-Particle-image-velocimetry_CD-Nozzle.pdf},
}